2588 4440
481 345 537 371 ·-
583 308 636 385 55
685 348 734 371 -

117 550 155 621 p.
169 526 334 595 1]ch
343 524 427 598 haec
450 543 502 596 est
519 526 722 622 inscriptio:
736 529 940 601 'Palaemon
948 536 991 600 L.
1006 538 1047 601 L.
1057 538 1098 604 L.

116 645 217 713 D.F.
226 643 405 712 Gramma.
423 649 465 715 V
461 647 553 716 θέσει.
568 664 636 741 atq.
650 646 747 718 Rhea
762 647 827 716 sibi
843 663 875 717 et
888 647 1100 720 Tuberoniae

117 749 360 833 contubernali
399 776 464 831 etc.
507 787 613 857 quam
654 787 715 833 cur
732 759 1022 860 'Oudendorpius
1055 765 1100 834 ad

91 916 94 921 -
117 878 263 945 sueton.
278 872 417 972 p.-967.
437 881 591 970 spuriam
606 881 816 974 suspioetur,
836 902 946 975 quum
962 905 1099 953 oausam

118 1015 195 1069 non
221 993 398 1076 attulerit,
425 1017 490 1064 nec
511 998 600 1066 mihi
622 998 744 1092 liquet.
795 1000 955 1068 Donatus
977 1015 1099 1068 noster

117 1111 269 1183 certain
285 1133 436 1179 munero
454 1112 524 1181 fuit
539 1113 785 1183 Professorum
798 1113 1011 1193 litteramm,
1037 1110 1099 1207 qui

83 1260 90 1284 -·
117 1227 187 1298 n‘te
206 1250 245 1297 ac
260 1228 419 1323 legitime
443 1230 626 1300 constituti
650 1226 873 1299 iuventutem
899 1232 1099 1297 Romanam

117 1341 321 1415 liberalibus
357 1343 549 1440 disciplinis
587 1344 827 1417 instituebant.
867 1348 968 1417 'Non
1003 1335 1099 1415 enim

117 1474 253 1531 temere
269 1483 309 1529 ao
329 1479 475 1556 repente
491 1462 536 1532 ad
560 1464 674 1534 hocce·
692 1487 821 1532 munus
846 1462 1009 1559 prosilire
1027 1461 1098 1551 (Iu-

117 1575 204 1647 liam·
216 1580 308 1672 Imp.
328 1578 414 1649 haec
430 1579 554 1669 verba)
571 1579 708 1650 licitum
724 1597 816 1663 erat,
844 1578 907 1648 sed
928 1578 1099 1672 cuiusque

115 1692 269 1765 'civitatis
285 1695 412 1788 optimi
429 1695 524 1788 iique
539 1697 662 1788 periti,
679 1719 942 1790 nonnunquam
967 1708 1005 1763 et
1030 1692 1099 1787 ipsi

117 1812 367 1904 metatores,
392 1808 589 1885 studiorum
605 1814 789 1908 magistros
802 1812 971 1906 probatos
996 1810 1101 1906 elige·

77 1966 80 1971 ·
118 1924 221 1999 bant.-
235 1929 338 1998 Gonf.
356 1926 594 1997 Gothofredus
611 1928 655 1998 ad
675 1929 760 1998 Cod,
786 1925 965 2003 Theodos.
993 1931 1097 2000 Tom.

119 2047 162 2113 V.
174 2066 213 2139 p.
225 2038 291 2113 51.
307 2068 404 2140 seqq.
462 2049 510 2115 Et
530 2045 584 2113 his
610 2043 755 2140 quidem
778 2043 861 2111 solis
889 2065 963 2113 non
986 2038 1098 2111 modo

118 2159 345 2258 privilegimn
363 2178 438 2231 erat
462 2161 693 2231 immunitatis
710 2158 762 2228 ab
789 2159 890 2228 omni
912 2157 1099 2230 functione

67 2326 80 2367 ‚-
118 2277 290 2374 omnique
306 2286 452 2349 munere
468 2276 612 2372 publico
633 2278 742 2370 (conf.
761 2273 857 2346 idem
871 2275 895 2344 l.
912 2273 946 2343 d.
962 2296 998 2370 p.
1008 2265 1096 2362 24),
1157 2373 1161 2385 ἱ

120 2416 247 2464 verum
273 2396 379 2465 etiam
402 2396 523 2465 salaria
547 2418 661 2464 annua
682 2409 821 2463 tantum
854 2414 929 2462 non
961 2410 1100 2485 semper

118 2510 312 2580 'constituta
325 2513 409 2606 ipsis
424 2529 531 2581 erant.
559 2515 634 2604 Qua
654 2508 699 2578 de
714 2534 753 2579 re
768 2510 836 2604 leg.
859 2503 1099 2577 Gothofredus

118 2626 166 2696 ad
189 2626 278 2696 eod.
302 2626 439 2696 Theod.
464 2632 567 2696 Tom.
598 2633 644 2703 Ὺ.
660 2651 695 2720 p.
718 2623 777 2695 26.
805 2643 841 2694 et
864 2619 922 2693 42.
958 2620 1098 2713 Lipsius

120 2747 215 2840 Opp.
232 2748 337 2829 Tom.
360 2747 422 2811 ΠΙ.
438 2770 472 2838 p.
494 2737 576 2811 793.
601 2743 787 2812 Salmasius
804 2737 848 2808 ad
865 2738 989 2831 Script.
1005 2736 1097 2804 Hist.

119 2865 211 2957 Aug.
227 2884 263 2955 p.
280 2857 339 2928 72.
365 2861 521 2933 Reitzius
540 2857 585 2930 ad
602 2861 750 2931 Lucian.
769 2859 931 2926 T0111.V.
955 2878 990 2947 p.
1017 2848 1098 2930 520.

118 2976 178 3049 ed.
201 2978 278 3072 Bip
327 2977 547 3047 Professores
573 2995 691 3048 autem
710 2975 748 3044 hi
772 2971 913 3068 publice
936 2967 1099 3052 ordinati,

121 3111 206 3190 post
219 3095 375 3190 plurium
395 3117 571 3164 annorum
585 3094 776 3188 stipendia,
795 3107 836 3162 ut
854 3087 1101 3157 Constantino·

59 3244 62 3249 ¹
121 3211 241 3305 polio
266 3209 469 3281 Theodosio
494 3208 578 3280 inde
601 3209 780 3292 Secundo,
814 3203 926 3275 Primi
959 3200 1101 3271 Ordinis

121 3327 300 3397 eonitiva
325 3330 434 3420 (conf.
462 3325 549 3395 eod.
580 3327 717 3398 Theod.
743 3329 848 3394 Tom.
880 3323 924 3388 ΙΙ.
957 3345 993 3416 Ρ.
1021 3317 1100 3399 112.

120 3442 244 3538 ibique
277 3446 476 3537 Gothofr.):
501 3444 550 3512 ita
584 3447 720 3513 Romae
741 3459 826 3510 tune
850 3431 1103 3532 temporis-de·

57 3596 60 3601 ·
120 3561 234 3631 corati
256 3588 331 3633 esse
355 3562 520 3633 videntur
542 3561 779 3632 clarissimatu
805 3558 853 3651 (i.
869 3581 899 3627 e.
923 3550 1102 3623 Senatoria

124 3673 312 3772 dignitate3
338 3681 430 3752 conf.
457 3677 557 3748 Guid.
581 3679 753 3749 Pancirol.
778 3674 955 3746 ad'Notit.
979 3667 1102 3762 dignit·

129 3792 212 3868 libr.
229 3802 256 3866 Ι.
273 3824 302 3870 c.
320 3798 391 3892 2.),
429 3798 511 3869 licet
534 3796 605 3890 ipsi
626 3796 683 3872 hic
706 3813 809 3890 atque
831 3793 903 3878 iilis
927 3789 1104 3859 'unmunes
