2588 4440
600 280 841 351 ..13-

398 449 404 474 ¹
585 441 586 444 ,

232 522 398 599 uterque,
426 497 456 570 si
482 497 567 594 quid
585 500 711 583 video,
737 495 880 572 fallitur.
929 499 1055 572 Latine
1082 496 1209 573 dicimo

232 625 292 692 oio
301 616 406 717 fert,
425 617 532 699 ducit,
549 634 588 686 ut
607 623 733 688 Graece
751 620 827 700 ὁδός
848 631 949 713 φέρει,
965 624 1035 716 dyst
1052 630 1108 706 εἰς,
1124 618 1209 711 πρός

232 774 274 814 aa,
302 737 402 807 Conf.
431 734 651 805 Gronovium
677 733 824 803 Observ.
851 737 877 802 I.
906 731 939 801 6.
957 759 992 827 p.
1009 728 1090 815 45.;
1122 730 1210 807 inde

232 853 516 924 accommodatur
534 851 578 921 ad
595 868 752 943 tempus,
781 849 1018 932 occasionem,
1045 865 1208 931 aetatem,

232 958 385 1063 reliqua,
422 951 547 1064 quibus
574 965 618 1036 ad
645 965 775 1061 aliquid
800 963 1002 1035 faciendum
1036 965 1209 1046 ducimur,

233 1063 405 1156 vehimur.
470 1085 591 1175 Altera
625 1100 678 1152 est
711 1082 868 1176 quaestio
904 1081 949 1151 de
982 1082 1095 1151 verbo
1128 1084 1209 1152 sivi.

233 1203 402 1288 Scholion
419 1199 514 1269 adh.
533 1201 577 1282 1.,
596 1200 755 1294 quamvis
781 1201 858 1268 veri
882 1197 1013 1294 aliquid
1037 1201 1208 1283 continet,

232 1335 351 1403 tamen
365 1318 462 1385 male
480 1317 528 1386 sic
544 1315 693 1411 legitur:
720 1318 842 1402 „SioiJ
863 1318 1025 1412 antique3
1037 1348 1039 1352 ·
1053 1317 1153 1387 aliter
1168 1317 1210 1388 in

232 1433 421 1526 Adelphis,
451 1435 501 1518 [Ι.
530 1432 563 1498 2.
590 1426 671 1516 24]
707 1435 791 1500 Non
823 1434 909 1501 sivit
938 1450 1070 1528 egestas
1095 1435 1211 1505 facere

232 1551 301 1618 hoc
325 1555 426 1618 nos.“
484 1547 592 1642 Atqui
617 1547 807 1640 antiquitus
840 1572 915 1616 non
950 1551 1015 1618 sivi
1048 1547 1110 1618 sed
1140 1551 1211 1619 sini

233 1663 414 1745 dicebant,
441 1681 531 1734 teste
556 1659 732 1731 Diomede
749 1664 773 1732 l.
791 1666 818 1732 I.
837 1689 872 1758 p.
892 1659 973 1733 371.
1001 1669 1209 1760 Quanquam

231 1801 346 1854 metro
365 1798 512 1877 urgente
539 1780 644 1848 etiam
669 1781 711 1847 sii
736 1800 964 1875 usurparunt,
991 1798 1032 1849 ut
1055 1781 1211 1877 Adelphs.

230 1902 254 1973 1.
271 1901 295 1968 l.
323 1902 429 1983 „Non
446 1898 504 1969 siit
522 1912 653 1993 egestas
682 1914 718 1966 et
742 1923 775 1992 q.
789 1908 847 1969 ’s.“
875 1923 921 1969 ex
948 1921 1030 1968 vera
1054 1900 1213 1972 Bentleii·

231 2015 487 2089 emendatione.
539 2013 744 2082 scholiastes
763 2014 869 2110 igitur
894 2017 933 2085 in
958 2041 1021 2085 suo
1051 2017 1210 2089 Terentii

230 2134 545 2226 exemplolegerat
568 2130 652 2211 sini,
682 2145 718 2196 et
744 2147 943 2213 annotarat,
961 2134 1046 2217 sini,
1068 2136 1209 2228 critique

230 2269 295 2320 etc.
328 2255 416 2319 Eam
434 2247 547 2338 ipsam
563 2246 753 2313 lectionem
772 2269 880 2338 quum
897 2266 1074 2342 praeterea
1092 2249 1213 2323 codex'

231 2367 356 2433 Colca.
376 2361 469 2454 apud
486 2366 513 2428 I.
538 2360 779 2438 Guilielmitnn
797 2363 955 2432 Verisim.
973 2370 999 2434 I.
1021 2361 1053 2434 5.
1072 2384 1107 2435 et
1122 2367 1207 2436 Lin-

231 2477 437 2549 denbruchii
454 2479 542 2544 Mss.
562 2497 683 2542 omnes
711 2474 880 2562 habeant,
909 2481 1100 2574 equidem,
1119 2483 1215 2578 quin

230 2591 428 2687 recipienda
446 2592 508 2673 sit,
535 2591 651 2694 nullus
671 2590 806 2666 dubito.
828 2646 831 2650 ‡
851 2597 1098 2689 Quotidianam
1125 2601 1212 2670 scri-1

206 2741 208 2744 ⁴
229 2729 369 2806 punam
387 2733 432 2776 ex
448 2731 549 2774 more
566 2706 822 2777 substituenmt
840 2713 988 2782 scribae.>
1015 2719 1139 2810 Neque
1156 2732 1208 2784 ta.-

229 2852 312 2895 men
332 2825 509 2917 antiquam
524 2823 623 2893 illam
641 2825 795 2895 formam
812 2831 972 2899 Terentii
999 2849 1109 2900 aetate
1134 2832 1214 2904 iam

229 2941 427 3013 obsoletam
453 2940 578 3023 fuisse,
613 2944 652 3007 P.
680 2943 830 3012 Rutilius
858 2961 893 3012 et
926 2950 1026 3014 Aem.
1062 2951 1214 3020 Scarus

229 3073 417 3136 testantur,
447 3058 508 3151 qui
525 3058 606 3125 licet
623 3058 827 3150 posterioris
846 3078 961 3129 essent
987 3040 1128 3147 notatio,
1157 3080 1211 3135 ta-.

228 3199 311 3243 men
330 3197 369 3241 ea
386 3189 467 3241 sunt
484 3173 547 3241 usi.
575 3175 676 3243 Conf.
694 3173 887 3244 Diomedes
903 3177 928 3244 l.
949 3175 982 3243 d.
1002 3177 1212 3250 Cavendum

229 3306 282 3357 est
302 3288 398 3356 enim
415 3288 588 3371 maxime,
616 3316 660 3359 ne
676 3292 925 3385 scriptoribtn,
950 3295 1049 3363 nullo
1068 3313 1212 3390 tempo..

228 3430 308 3474 rum
326 3402 526 3472 discrimine
543 3405 657 3488 facto,
685 3409 889 3502 antiquioris
916 3428 1079 3505 monetae
1097 3413 1210 3484 verba

228 3545 267 3590 ac
284 3521 419 3611 fomtae
435 3536 567 3608 temere
585 3521 829 3592 obtrudantur.
854 3529 937 3594 Duo
956 3527 1129 3598 eiusmodi
1145 3555 1209 3600 ex«

230 3636 344 3728 empla
362 3636 461 3705 huius
480 3638 551 3705 loci
568 3639 829 3733 opportunitate
852 3665 1062 3736 proponant.
1093 3645 1209 3720 Anda·

228 3751 565 3848 V,2.·12.legitttr:1
624 3819 626 3823 ,
714 3810 717 3814 .
826 3807 834 3817 ,4
1209 3777 1213 3783 ’
