2588 4440
514 299 755 374 ⁴419-ssss

136 504 162 560 ''ss
207 489 292 581 Cura
313 487 538 577 adstruendum
552 515 718 584 'vinctum3
741 525 830 592 atque
850 490 1124 593 rudint'qiadm·

440 615 555 696 pedem
575 613 789 693 consum-gito.

147 730 187 800 Ρ.
206 726 394 799 Scriverius
413 716 583 792 Ane'cdot.
609 721 734 815 philol.
752 747 787 815 p.
809 717 866 790 83.
893 711 1127 792 sinistra'ma»

147 869 198 915 nu
232 842 393 936 corrigit,
433 839 659 935 quadrupede
689 861 745 908 ern
771 842 1005 939 cornuingito.
1055 845 1127 909 Em

149 984 212 1033 seu
230 961 279 1026 im
292 981 358 1051 pro
376 981 480 1038 eum,
492 972 531 1024 ut
549 955 593 1024 ab
609 955 674 1024 hac
690 970 828 1024 tantum
844 972 943 1049 parte
969 980 1044 1026 rem
1071 979 1128 1050 ag·

150 1074 306 1172 gradiar,
325 1072 430 1140 Ennii
446 1087 540 1140 certe
557 1070 777 1166 temporibus
795 1072 833 1141 in
859 1096 923 1140 usu
948 1073 1037 1154 tuin
1065 1069 1128 1139 sed

149 1192 222 1263 iam
239 1191 380 1258 Plautus
408 1212 447 1257 ea
470 1188 585 1257 forma
610 1189 686 1256 fere
711 1186 898 1269 abstinuit,
926 1188 1058 1258 nedum
1083 1189 1128 1271 is,

152 1331 259 1402 quem
277 1307 370 1374 inter
386 1304 501 1372 bonos
517 1302 714 1372 Latinitatis
734 1320 890 1372 auctores
907 1304 981 1398 ipse
992 1305 1125 1386 Cicero,

150 1429 216 1518 Ep.
236 1419 279 1490 ad
297 1420 400 1488 Attio.
421 1421 495 1487 VII.
515 1415 568 1502 3.,
586 1435 764 1501 numerat,
792 1420 977 1490 Terentius
995 1438 1126 1494 noster,
1193 1502 1197 1509 ι

142 1543 267 1608 ‘immo
285 1539 404 1615 locus,
424 1535 547 1627 siquis
566 1535 671 1618 alius,
690 1558 792 1605 sanus
810 1551 873 1605 est.
925 1533 1128 1631 Quadrupe-
1160 1555 1163 1562 ’

153 1653 235 1723 dem
252 1655 405 1747 aliquem
423 1651 661 1746 constringere
680 1668 751 1735 est,
769 1651 828 1721 *ita
848 1651 1003 1748 aliquem
1019 1654 1129 1722 vinci·
1229 1661 1233 1670 ’

150 1780 276 1853 γεμὴ
297 1768 495 1863 quadrupes
522 1766 691 1835 videatur.
719 1773 861 1838 Sueton.
882 1771 988 1865 Calig.
1015 1794 1043 1838 c.
1068 1766 1127 1838 tt.

150 1903 235 1971 „aut
254 1884 298 1952 ad
314 1884 443 1953 bestias
461 1880 719 1967 condemnavit,
738 1902 796 1953 aut
821 1885 1012 1955 bestiarum
1028 1909 1129 1954 more

153 2003 396 2097 quadrupedes
424 1999 612 2069 coercuit.“
662 1998 798 2070 Eadem·
814 2001 950 2069 ratione
975 2025 1129 2092 nuperus

152 2118 328 2211 Propertii
345 2115 477 2197 editor,
499 2116 571 2184 Car.
591 2112 805 2197 Geloander,
822 2117 996 2209 peccavit,
1018 2139 1128 2210 quum

152 2235 249 2328 Eleg.
268 2233 294 2300 I.
316 2227 348 2299 3.
369 2227 426 2301 36.
445 2255 510 2326 pro
530 2229 693 2325 vulgata,

271 2359 409 2419 Alterius
431 2352 716 2436 clausis-expulit'e
736 2352 865 2417 foribus.

153 2494 200 2546 ex
217 2473 415 2544 coniectura
434 2470 550 2556 dedit,
570 2475 698 2566 napulie
713 2469 899 2566 osoribus.
947 2472 1129 2567 Aspellere

153 2591 305 2663 verbum
337 2607 390 2658 est
415 2589 593 2657 Plautinae
618 2588 693 2658 fere
719 2588 849 2656 aetatis.
907 2591 999 2657 Nam
1024 2607 1130 2683 poeta

153 2705 248 2801 apud
265 2707 490 2789 Ciceronem,
510 2706 584 2799 ipse
604 2706 750 2798 opinor,
778 2705 916 2776 Tuscul.
935 2708 978 2772 11.
1001 2701 1066 2787 10,
1087 2729 1130 2774 eo

153 2825 282 2905 utitur,
302 2845 371 2917 quo
393 2823 520 2917 tragica
540 2817 647 2889 dictio
676 2838 848 2917 augeatur.
899 2828 945 2891 At
961 2823 1023 2892 ille
1048 2822 1131 2906 „dt-
1213 2869 1216 2874 -

153 2937 378 3012 liberandum
395 2955 466 3019 est,
494 2937 627 3032 inquit,
655 2935 836 3035 quomodo
863 2940 979 3033 quise
1005 2940 1131 3009 clausis

154 3054 293 3127 foribus
321 3054 537 3148 expellatur:
565 3053 651 3123 mihi
677 3052 837 3121 noudum
854 3057 1009 3150 liquet.“
1059 3061 1132 3124 No-

156 3168 304 3240 damin
330 3171 444 3263 scirpo
473 3168 607 3262 quaerit
632 3167 688 3235 vir
714 3169 886 3262 optimus,
925 3196 1034 3265 quum
1066 3172 1131 3240 ista

154 3286 337 3356 locutione
353 3286 442 3354 nihil
470 3283 562 3378 apud
586 3300 707 3378 poetas
725 3286 883 3356 invenias
902 3288 1132 3382 frequentius.

156 3402 320 3494 Sophocl.
338 3402 456 3497 Antig.
479 3399 601 3468 1171.:

165 3555 190 3592 η
214 3522 285 3587 Kal
313 3515 458 3610 τυγχάνω
493 3547 530 3609 γε
567 3513 691 3610 aieldp’
719 3513 998 3589 ἀνασπαστοῦ
1026 3515 1136 3609 πύληςΙ

139 3644 144 3654 ·
192 3671 273 3708 ‚'-
340 3693 341 3696 Ἴ
471 3622 645 3710 puidam

154 3759 262 3832 quem
287 3739 424 3821 locum,
461 3739 553 3811 male
569 3839 572 3842 ἡ
589 3741 697 3837 vulgo
724 3741 963 3828 intellectum,
997 3742 1131 3839 primus
