2588 4440
333 905 516 1017 PARS
567 902 932 1015 SECUNDA.

147 1238 710 1339 ousunvurtouus
748 1243 820 1327 ru
859 1238 1133 1352 nouum

254 1382 402 1523 Quin
426 1428 733 1496 ruuuuruu
757 1425 1014 1494 scHoLm.
1056 1359 1058 1364 .

78 1953 87 1976 “
148 1903 294 2035 Plures
322 1939 484 2028 veterum
509 1953 823 2028 Grammaticonun
849 1957 1005 2056 Terentii
1031 1935 1145 2028 eom-⁵

148 2080 306 2176 posuisse
330 2073 621 2178 commentarios,
659 2075 795 2142 etiamsi
819 2075 1008 2143 memoriae
1036 2073 1129 2143 nihil

150 2189 342 2290 quidquam
378 2190 421 2258 sit
453 2186 655 2284 proditum,
689 2188 917 2260 coniectando
955 2191 1013 2259 vel
1042 2187 1128 2271 inde

148 2311 252 2385 liceat
270 2306 422 2399 assequi,
451 2303 547 2399 quod
573 2321 711 2377 tantum
736 2330 809 2375 non
837 2331 959 2376 omnes
985 2307 1129 2375 Latino·

149 2451 231 2497 rum
256 2423 467 2514 scriptorum
493 2421 685 2514 principes,
705 2421 742 2490 in
760 2421 906 2516 quibus,
930 2424 960 2492 si
984 2422 1039 2491 cui
1057 2421 1129 2502 alii,

151 2534 298 2611 Comico¹
322 2555 445 2606 nostro
481 2553 534 2605 est
566 2536 684 2619 locus,
730 2539 977 2632 magistrorum
1011 2539 1131 2633 stipati

150 2647 234 2728 sunt
258 2655 387 2736 choro,
423 2654 484 2748 qui
512 2671 548 2723 et
573 2671 820 2748 recensuerunt
845 2673 880 2723 et
906 2672 1129 2724 annotarunt.

151 2765 199 2842 At
228 2769 364 2840 disertis
389 2769 595 2839 nominibus
623 2788 946 2840 commemorantur
970 2771 1130 2842 Terentii

150 2892 358 2981 interpretes
376 2884 527 2968 Probus,
547 2888 682 2981 Asper,
712 2889 893 2968 Donutzn,
919 2875 1128 2971 Euanthius,⁴

150 3004 338 3082 Arruntius
364 3005 503 3085 Caum,
529 3006 697 3074 Helonius
724 3007 843 3083 Acro;
871 3027 1021 3098 quorum
1048 3005 1133 3072 licet

152 3143 301 3192 numero
318 3121 529 3191 Adesionem
555 3121 697 3215 insuper
720 3136 756 3189 et
780 3121 969 3217 Nigidium
992 3137 1027 3189 et
1048 3121 1132 3188 Flo-

152 3246 249 3310 vium
267 3242 424 3331 Capram
438 3236 547 3332 vulgo
566 3235 773 3333 adiungunt:
793 3261 870 3332 ego,
888 3234 991 3304 rebus
1010 3236 1130 3330 paullo

155 3354 353 3451 diligentius
381 3352 606 3435 examinatis,
633 3354 733 3423 aliter
756 3355 893 3437 sentio,
921 3352 1017 3450 quod
1043 3376 1152 3450 mox·

154 3471 278 3541 dicam.
326 3494 329 3501 ·

252 3583 401 3668 Probus,
429 3610 554 3657 eorum
576 3607 688 3674 certe,
727 3611 814 3686 quos
842 3586 936 3671 dixi,
962 3590 1148 3681 interpre-v

80 3726 81 3731 ¹
158 3720 235 3774 tum
262 3703 542 3802 antiquissiniut,
567 3706 605 3779 in
623 3706 780 3801 'vulgatis
810 3695 966 3775 Terentii
980 3690 1135 3776 'Scholiis
