2588 4440
479 344 533 374 ·...
577 310 628 388 21
677 352 729 374 .-

107 538 145 634 ῥ’.
161 533 248 609 696.
284 545 362 624 ·‚,In
380 541 596 637 argumentis
613 540 780 613 Caecilius
793 543 908 639 poscit
924 535 1097 638 palmatus·

106 658 262 756 ἔπι-ἤθεσι
281 661 478 739 Terentius,
496 659 533 727 in
551 662 773 742 sermonibus
791 663 968 729 Plautus.“
986 659 1091 729 conf.

107 775 356 855 Valckenarius
375 772 420 842 ad
436 777 614 845 Theocrit.
624 778 703 846 Vol.
723 781 766 846 H.
786 794 820 872 p.
843 773 922 845 163.
943 802 1015 870 seq.
1034 773 1102 844 ed..

109 892 226 961 Berol.
246 895 316 960 ·Eo-
332 892 473 986 gravius
496 893 535 967 in
562 893 872 985 reprehensionem
896 890 1092 974 incurrunt,

110 1009 172 1103 qui
191 1009 274 1077 artis
302 1008 396 1076 illius
423 1007 570 1102 vestigia
596 1009 805 1079 coniecturis
832 1027 965 1080 temere
989 1007 1093 1077 indu-

111 1141 215 1206 cunt3
241 1122 280 1191 id
297 1121 398 1218 quod
410 1124 448 1192 in
465 1141 589 1195 nostro
607 1125 687 1196 loco
713 1138 894 1219 peecatum
911 1143 973 1195 est.
991 1123 1089 1194 Gish.

110 1245 265 1335 Cuperus
286 1240 433 1310 Observ.
450 1246 477 1311 Ι.
491 1238 545 1311 19.
563 1241 753 1338 legendum
771 1243 922 1331 coniicit,
940 1267 1062 1311 verum
1069 1240 1092 1310 ἓ

108 1357 330 1451 visjdicom?
348 1375 411 1439 „ut
438 1359 523 1428 haec
548 1360 647 1428 velut
672 1358 826 1429 illudens
852 1361 1018 1429 Charinus
1045 1338 1105 1428 ad³

89 1480 261 1576 ‘Dauum
277 1472 405 1542 dieat.“
464 1474 601 1571 Quodsi
638 1477 714 1570 quis
740 1481 828 1572 ἦθος
857 1478 892 1545 h.
920 1478 942 1546 l.
971 1473 1089 1544 dedita

110 1617 217 1688 opera
232 1583 457 1683 corrumpere
476 1593 603 1674 vellet,
624 1592 748 1688 quidni
773 1594 842 1665 hoo
866 1593 1063 1664 institueret
1072 1586 1096 1690 ‘3'

110 1709 301 1807 Qharinum
326 1724 362 1776 et
385 1707 534 1778 herilem
559 1707 675 1778 filium
701 1716 822 1783 Davus
849 1710 996 1781 oonsilio
1016 1730 1089 1805 suo

108 1826 236 1895 misere
269 1820 459 1918 impeditos
493 1817 703 1896 reddiderat.
761 1833 980 1920 Desperant,
1024 1827 1091 1894 cla-

107 1958 226 2024 mant,
251 1940 447 2011 minantur:
474 1957 509 2012 at
531 1940 593 2009 ille
610 1966 688 2008 rem
704 1943 878 2038 perditam
895 1924 967 2010 iam
991 1941 1090 2009 restiss
1117 1928 1119 1933 ¹

108 2077 208 2137 urere
229 2083 265 2135 se
281 2059 478 2152 promittit,
508 2081 565 2140 ac,
584 2072 629 2126 n'e
646 2057 714 2150 ipsi
731 2057 987 2153 impedimento
1006 2056 1088 2138 sint,

110 2175 269 2243 amoveri
295 2197 354 2241 eos
381 2169 490 2242 iubet.
538 2174 742 2266 Pamphilus
766 2175 873 2270 igitur
899 2190 1102 2266 postquam*

109 2292 263 2362 securior
289 2289 394 2372 abiit,
431 2289 598 2360 Charinus
626 2288 786 2360 subtristi
813 2290 912 2357 vultu
947 2288 1088 2370 resistit,

108 2424 268 2477 metuens
288 2407 436 2490 scilicet,
454 2431 499 2476 ne
509 2457 518 2489 ,
539 2404 624 2486 dum
639 2407 823 2501 Pamphilo
843 2430 978 2475 summa
995 2405 1091 2474 Davi

108 2523 336 2596 contentione
354 2547 399 2590 ex
425 2525 542 2594 animo
570 2525 689 2593 omnia
715 2524 895 2605 eveniant,
926 2523 1001 2617 ipse
1028 2544 1090 2615 spe

107 2622 293 2711 frustratus
320 2661 432 2709 uxore
456 2639 604 2710 excidat.
657 2644 770 2735 Quam
805 2637 948 2734 quidem
980 2629 1110 2731 ipsius

109 2753 383 2826 sollicitudinem
411 2780 521 2850 quum
553 2761 657 2827 Davo
690 2754 916 2851 significaret,
952 2771 1091 2822 tantum

110 2872 230 2954 abest,
256 2887 296 2938 ut
321 2870 435 2942 ironia
460 2889 598 2955 utente,
624 2891 666 2942 ut
690 2873 773 2942 fere
789 2861 964 2965 suspirans
984 2853 1113 2951 disais'

106 2993 152 3063 V
148 2976 245 3059 erum
259 2988 313 3056 ois
329 2987 475 3061 dicero?
498 2993 582 3084 quid
607 2992 651 3059 cle
668 3013 724 3062 me
737 2987 836 3088 fiet?
885 2987 952 3062 Sed
970 3005 1090 3059 tamen

105 3107 207 3200 peius
224 3105 289 3174 illo
319 3105 424 3173 etiam
450 3106 523 3189 hie,
553 3107 715 3201 qui-Aet.
743 3108 811 3175 litt.
841 3109 917 3174 Soc.
946 3103 1094 3173 Rheno.

107 3222 240 3290 traieot.
257 3224 361 3292 Tom.
379 3224 438 3288 IV.
455 3219 591 3315 ps295.
618 3247 684 3317 pro
712 3225 878 3318 vulgato,
907 3222 1003 3324 Quid·
1024 3216 1101 3288 tu?

107 3365 176 3434 quo
194 3338 273 3410 hinc
294 3337 458 3436 tangis?
473 3339 718 3432 reponendum
738 3357 876 3422 censet,
907 3338 1001 3438 Quid
1021 3333 1090 3404 tu?

108 3457 192 3545 quin
218 3455 297 3524 hinc
320 3473 354 3526 te
377 3455 484 3552 agis?
514 3457 646 3525 scilieet
681 3474 721 3526 ut
748 3455 860 3549 aptius
895 3455 1088 3532 cohaereat,

107 3570 206 3667 quod
240 3573 408 3640 Charinus
442 3569 641 3666 subiungit,
688 3577 730 3642 V
726 3598 823 3642 erum
857 3573 910 3640 vis
943 3566 1089 3639 dictim?

108 3691 194 3781 qnid
210 3692 255 3758 de
270 3687 432 3786 mesiae?
456 3691 615 3756 Marum
641 3688 707 3757 ista
732 3689 868 3756 ratione
893 3671 1087 3780 depravari,
1113 3744 1117 3750 .

109 3829 216 3876 nemo
233 3830 317 3876 non·
333 3803 452 3886 videt3
481 3803 633 3899 denique
658 3806 854 3875 omnis'lu'c
879 3802 1091 3905 emendandi
1122 3826 1125 3832 ’
