2588 4440
521 291 771 395 ...eh

151 505 372 592 ‚ardorinde
398 526 452 589 est.
476 526 597 594 natus,
631 511 730 606 quod
758 524 834 609 quo·
864 512 1141 606 ‘sensuaediooruit

151 612 253 732 [Quid
270 624 336 694 tu?
362 650 428 713 quo
443 625 570 701 ltincte
587 629 695 729 agis?
720 654 847 724 pamm
864 650 1055 704 assecutus,
1067 649 1144 709 erat

148 743 212 825 ..vir
230 741 386 834 doctus„⁴
411 743 529 815 Verba
547 745 716 815 nimirum
734 745 800 843 ista
823 770 898 816 non
924 773 967 818 eo
995 751 1145 829 consilio

146 858 390 941 ..dicitDavus
415 879 472 944 ut,
509 886 580 955 quo
606 879 681 944 eat,
718 864 888 941 Charinus
915 863 1171 956 narrantia·

148 976 256 1045 ,enim
274 975 360 1046 scire
376 979 467 1048 nihil
483 980 645 1074 profecto
662 979 757 1048 Dari
778 978 950 1052 intererat
959 983 987 1071 ‚)
1016 979 1145 1051 redut

151 1091 204 1193 jad
229 1091 481 1166 discedendum
505 1095 784 1191 interrogatione
807 1095 874 1164 ista
901 1091 1144 1173 admoneatur·
1189 1130 1192 1134 '

151 1208 266 1305 Quod
284 1211 579 1304 quumCharinus
602 1193 695 1281 bene
719 1208 977 1306 perspexisset,
1003 1238 1092 1284 non⁴
1106 1212 1146 1284 id

159 1325 304 1423 quidem
330 1325 432 1408 dicit,
468 1325 566 1420 quod
600 1331 720 1397 Davus
757 1331 914 1423 speciose
947 1347 1144 1424 rogaverat,

160 1429 222 1527 ,sed
248 1465 367 1512 euram
395 1444 540 1536 potius„
570 1467 638 1538 qua
653 1515 656 1520 ,
671 1443 731 1512 vel
757 1439 919 1519 maxime
940 1443 1144 1540 urgebatur,

161 1583 266 1629 servo
297 1557 511 1628 indicaturus
546 1559 690 1653 incipit:
745 1565 787 1629 V
782 1563 970 1658 erumnis
1000 1561 1148 1636 dicam?

163 1678 258 1778 Quid
275 1677 319 1745 de
335 1700 390 1744 me
399 1671 500 1772 fiet?
551 1674 686 1769 Quodsi
704 1676 812 1772 igitur
827 1678 913 1750 haec
940 1675 1050 1749 verba
1071 1702 1148 1773 non

162 1817 247 1884 rere
273 1790 517 1885 respondentis
545 1809 644 1876 sunt,
673 1791 759 1888 quid
785 1793 931 1867 tandem
957 1816 1045 1888 opus
1080 1794 1145 1878 est,

147 1926 203 2002 ut
234 1910 347 1978 oratio
384 1909 496 2003 aptius
530 1892 739 1981 cohaereat?
774 1911 824 1983 id.
847 1906 944 2007 quod
975 1912 1054 2008 ipsa
1071 1911 1149 1981 ¹illa

145 2024 410 2105 ,emendatione
435 2027 584 2097 minime
611 2025 771 2099 efficitur.
823 2029 948 2099 Totius
975 2025 1046 2096 loci
1072 2051 1149 2103 sen-

162 2122 309 2223 tentiam
336 2145 473 2239 egregie
501 2146 573 2214 iam
598 2146 777 2215 intellexit
800 2148 960 2215 Donatus
987 2140 1090 2242 adh.
1110 2143 1148 2224 1.,

164 2259 324 2353 quamvis
352 2259 460 2354 ipsius
489 2260 615 2343 verba,
644 2279 683 2331 ut
710 2286 806 2330 mmo
832 2261 1012 2341 ferunnu,
1036 2258 1151 2327 nihili

164 2393 255 2445 sunt.
315 2376 430 2468 Vulgo
460 2377 556 2445 enim
580 2379 630 2447 sio
656 2377 821 2446 audiunt:
873 2379 978 2479 „Quo
1003 2373 1083 2444 ltine
1114 2389 1149 2443 te

163 2493 292 2591 ngisffl
344 2490 551 2576 Admonitio
572 2492 801 2575 discedentis,
827 2511 866 2562 ut
891 2493 993 2560 solet.»
1019 2514 1152 2571 nanta

144 2671 148 2682 .
164 2635 235 2706 quo
256 2607 433 2679 discedere
452 2607 707 2706 desideramus,
727 2609 958 2679 admonemus
976 2630 1059 2674 eum
1076 2629 1149 2701 quo

164 2726 269 2799 vadat
286 2727 345 2795 vel
364 2746 434 2818 quo
455 2741 519 2794 eat.
562 2725 604 2794 Id
620 2727 736 2796 faeere
753 2751 818 2820 per
834 2723 1152 2818 interrogationem

163 2821 334 2943 admonet
350 2845 470 2913 Davus
491 2843 701 2925 Charintun,
726 2860 767 2911 ut
783 2844 858 2936 ipse
882 2837 1046 2910 abscedat
1065 2839 1153 2907 Cha-

164 2960 282 3042 rinus,
301 2957 475 3053 quinunc
499 2960 644 3030 ultimus
664 2965 860 3028 remanet.‘.‘
908 2960 994 3025 Non
1011 2954 1151 3038 dubito,

165 3079 250 3161 haec
268 3100 342 3148 esse
366 3077 517 3173 genuina
539 3076 692 3147 Donati:
744 3079 848 3178 „Quo
868 3072 947 3145 ltine
970 3093 1004 3148 te
1021 3072 1152 3174 ogis?]

165 3193 375 3263 Admonitio
403 3192 626 3276 discedendi,
662 3212 702 3264 ut
728 3193 821 3262 solet
828 3218 840 3276 5
877 3193 1020 3268 namsi
1046 3215 1155 3286 quem

165 3309 345 3383 discedere
373 3308 628 3392 desideramus,
663 3307 894 3380 admonemus
932 3333 1015 3378 eum
1040 3307 1080 3378 id
1103 3308 1155 3377 fa·

166 3454 244 3499 cere
274 3453 339 3522 per
372 3426 710 3523 interrogationem,
747 3448 819 3519 quo
846 3421 951 3493 vadat
985 3425 1045 3495 vel
1080 3448 1153 3520 quo

166 3554 257 3616 eat.“
308 3549 449 3628 Cetera,
495 3542 651 3612 asciolo
689 3523 828 3623 addita,
875 3524 1023 3612 delenda
1059 3558 1154 3610 sunt.

165 3665 393 3756 Corruptelae
427 3661 530 3729 huius
564 3660 635 3730 loci
668 3682 787 3730 ansam
815 3657 912 3729 dedit
938 3657 1154 3752 permutatio

166 3805 229 3854 seu
260 3782 417 3854 traiectio
455 3777 669 3860 verborum,
716 3774 813 3845 unde
846 3776 984 3870 saepius
1019 3798 1156 3848 errores
