<?xml version="1.0" encoding="UTF-8"?>
<!DOCTYPE html PUBLIC "-//W3C//DTD XHTML 1.0 Transitional//EN"
    "http://www.w3.org/TR/xhtml1/DTD/xhtml1-transitional.dtd">
<html xmlns="http://www.w3.org/1999/xhtml" xml:lang="en" lang="en">
 <head>
  <title>
</title>
<meta http-equiv="Content-Type" content="text/html;charset=utf-8" />
  <meta name='ocr-system' content='tesseract 3.04.00' />
  <meta name='ocr-capabilities' content='ocr_page ocr_carea ocr_par ocr_line ocrx_word'/>
</head>
<body>
  <div class='ocr_page' id='page_1' title='image "./deterentioetdon00schogoog_0056.png"; bbox 0 0 2588 4440; ppageno 0'>
   <div class='ocr_carea' id='block_1_1' title="bbox 483 336 729 420">
    <p class='ocr_par' dir='ltr' id='par_1_1' title="bbox 483 336 729 420">
     <span class='ocr_line' id='line_1_1' title="bbox 483 336 729 420; baseline 0 -15"><span class='ocrx_word' id='word_1_1' title='bbox 483 336 729 420; x_wconf 51' lang='lat'>²434·</span> 
     </span>
    </p>
   </div>
   <div class='ocr_carea' id='block_1_2' title="bbox 66 546 1193 3923">
    <p class='ocr_par' dir='ltr' id='par_1_2' title="bbox 66 546 1193 3923">
     <span class='ocr_line' id='line_1_2' title="bbox 107 546 1092 665; baseline 0.007 -29"><span class='ocrx_word' id='word_1_2' title='bbox 107 570 215 637; x_wconf 89' lang='lat' dir='ltr'>Tom.</span> <span class='ocrx_word' id='word_1_3' title='bbox 242 568 269 634; x_wconf 89' lang='lat'>1.</span> <span class='ocrx_word' id='word_1_4' title='bbox 284 546 329 662; x_wconf 78' lang='lat' dir='ltr'>¹&#39;p.</span> <span class='ocrx_word' id='word_1_5' title='bbox 355 562 432 660; x_wconf 78' lang='lat'>49.)</span> <span class='ocrx_word' id='word_1_6' title='bbox 458 570 539 653; x_wconf 87' lang='lat' dir='ltr'>ille,</span> <span class='ocrx_word' id='word_1_7' title='bbox 567 568 665 665; x_wconf 85' lang='lat' dir='ltr'>quod</span> <span class='ocrx_word' id='word_1_8' title='bbox 693 572 828 642; x_wconf 84' lang='lat' dir='ltr'>Comici</span> <span class='ocrx_word' id='word_1_9' title='bbox 852 568 988 642; x_wconf 82' lang='lat' dir='ltr'>fabulas</span> <span class='ocrx_word' id='word_1_10' title='bbox 1014 570 1092 643; x_wconf 80' lang='lat' dir='ltr'>nori</span> 
     </span>
     <span class='ocr_line' id='line_1_3' title="bbox 108 683 1093 782; baseline 0.005 -29"><span class='ocrx_word' id='word_1_11' title='bbox 108 683 315 768; x_wconf 79' lang='lat' dir='ltr'>annotavit,</span> <span class='ocrx_word' id='word_1_12' title='bbox 336 683 398 754; x_wconf 85' lang='lat' dir='ltr'>sed</span> <span class='ocrx_word' id='word_1_13' title='bbox 415 704 574 769; x_wconf 86' lang='lat' dir='ltr'>tantum,</span> <span class='ocrx_word' id='word_1_14' title='bbox 594 704 634 756; x_wconf 88' lang='lat' dir='ltr'>ut</span> <span class='ocrx_word' id='word_1_15' title='bbox 651 686 729 782; x_wconf 87' lang='lat' dir='ltr'>ipse</span> <span class='ocrx_word' id='word_1_16' title='bbox 748 688 831 760; x_wconf 89' lang='lat' dir='ltr'>dicit</span> <span class='ocrx_word' id='word_1_17' title='bbox 850 690 1047 773; x_wconf 81' lang='lat' dir='ltr'>„recensuit</span> <span class='ocrx_word' id='word_1_18' title='bbox 1053 694 1093 771; x_wconf 86' lang='lat'>;“</span> 
     </span>
     <span class='ocr_line' id='line_1_4' title="bbox 108 794 1096 900; baseline 0.007 -33"><span class='ocrx_word' id='word_1_19' title='bbox 108 822 180 893; x_wconf 86' lang='lat' dir='ltr'>qua</span> <span class='ocrx_word' id='word_1_20' title='bbox 199 796 318 882; x_wconf 84' lang='lat' dir='ltr'>dere,</span> <span class='ocrx_word' id='word_1_21' title='bbox 337 801 517 870; x_wconf 86' lang='lat' dir='ltr'>veteribus</span> <span class='ocrx_word' id='word_1_22' title='bbox 535 794 695 872; x_wconf 78' lang='lat' dir='ltr'>multtim&#39;</span> <span class='ocrx_word' id='word_1_23' title='bbox 705 806 937 900; x_wconf 84' lang='lat' dir='ltr'>frequentata,</span> <span class='ocrx_word' id='word_1_24' title='bbox 958 804 1096 874; x_wconf 82' lang='lat' dir='ltr'>erudite</span> 
     </span>
     <span class='ocr_line' id='line_1_5' title="bbox 105 901 1093 1016; baseline 0.003 -31"><span class='ocrx_word' id='word_1_25' title='bbox 105 901 330 985; x_wconf 79' lang='lat' dir='ltr'>Burmannus</span> <span class='ocrx_word' id='word_1_26' title='bbox 349 918 423 986; x_wconf 89' lang='lat' dir='ltr'>Sec.</span> <span class='ocrx_word' id='word_1_27' title='bbox 445 914 488 986; x_wconf 88' lang='lat' dir='ltr'>ad</span> <span class='ocrx_word' id='word_1_28' title='bbox 504 921 550 986; x_wconf 90' lang='lat' dir='ltr'>H.</span> <span class='ocrx_word' id='word_1_29' title='bbox 569 922 681 988; x_wconf 79' lang='lat' dir='ltr'>Voles.</span> <span class='ocrx_word' id='word_1_30' title='bbox 702 919 747 989; x_wconf 89' lang='lat' dir='ltr'>de</span> <span class='ocrx_word' id='word_1_31' title='bbox 764 922 848 991; x_wconf 86' lang='lat' dir='ltr'>Crit.</span> <span class='ocrx_word' id='word_1_32' title='bbox 864 947 900 1016; x_wconf 89' lang='lat' dir='ltr'>p.</span> <span class='ocrx_word' id='word_1_33' title='bbox 923 915 1002 990; x_wconf 84' lang='lat'><strong>180.</strong></span> <span class='ocrx_word' id='word_1_34' title='bbox 1020 901 1093 1015; x_wconf 71' lang='lat' dir='ltr'>serp</span> 
     </span>
     <span class='ocr_line' id='line_1_6' title="bbox 207 1035 1096 1107; baseline 0.007 -9"><span class='ocrx_word' id='word_1_35' title='bbox 207 1035 282 1100; x_wconf 86' lang='lat' dir='ltr'>Iam</span> <span class='ocrx_word' id='word_1_36' title='bbox 308 1054 395 1099; x_wconf 86' lang='lat' dir='ltr'>vero</span> <span class='ocrx_word' id='word_1_37' title='bbox 423 1035 581 1105; x_wconf 82' lang='lat' dir='ltr'>Terentii</span> <span class='ocrx_word' id='word_1_38' title='bbox 607 1037 878 1107; x_wconf 80' lang='lat' dir='ltr'>Scholiastarttm</span> <span class='ocrx_word' id='word_1_39' title='bbox 915 1037 1096 1107; x_wconf 71' lang='lat' dir='ltr'>commem</span> 
     </span>
     <span class='ocr_line' id='line_1_7' title="bbox 109 1146 1193 1247; baseline 0.003 -31"><span class='ocrx_word' id='word_1_40' title='bbox 109 1147 219 1216; x_wconf 89' lang='lat' dir='ltr'>tarios</span> <span class='ocrx_word' id='word_1_41' title='bbox 238 1146 410 1219; x_wconf 75' lang='lat' dir='ltr'>alanum</span> <span class='ocrx_word' id='word_1_42' title='bbox 430 1173 553 1220; x_wconf 89' lang='lat' dir='ltr'>omnes</span> <span class='ocrx_word' id='word_1_43' title='bbox 572 1148 744 1246; x_wconf 81' lang='lat' dir='ltr'>temporis</span> <span class='ocrx_word' id='word_1_44' title='bbox 760 1150 863 1222; x_wconf 86' lang='lat' dir='ltr'>nohis</span> <span class='ocrx_word' id='word_1_45' title='bbox 888 1151 1018 1247; x_wconf 74' lang='lat' dir='ltr'>inridit</span> <span class='ocrx_word' id='word_1_46' title='bbox 1043 1152 1096 1220; x_wconf 60' lang='lat' dir='ltr'>ia·</span> <span class='ocrx_word' id='word_1_47' title='bbox 1183 1215 1193 1238; x_wconf 21' lang='grc' dir='ltr'>Ι,</span> 
     </span>
     <span class='ocr_line' id='line_1_8' title="bbox 109 1262 1094 1367; baseline 0.002 -34"><span class='ocrx_word' id='word_1_48' title='bbox 109 1264 218 1333; x_wconf 78' lang='lat' dir='ltr'>iuria:</span> <span class='ocrx_word' id='word_1_49' title='bbox 244 1267 357 1336; x_wconf 83' lang='lat' dir='ltr'>un&#39;um</span> <span class='ocrx_word' id='word_1_50' title='bbox 373 1270 556 1336; x_wconf 79' lang='lat' dir='ltr'>Donatum</span> <span class='ocrx_word' id='word_1_51' title='bbox 574 1282 724 1337; x_wconf 84' lang='lat' dir='ltr'>aetatem</span> <span class='ocrx_word' id='word_1_52' title='bbox 740 1268 861 1338; x_wconf 87' lang='lat' dir='ltr'>tulisse</span> <span class='ocrx_word' id='word_1_53' title='bbox 877 1267 985 1367; x_wconf 78' lang='lat' dir='ltr'>altmt.</span> <span class='ocrx_word' id='word_1_54' title='bbox 1009 1262 1094 1336; x_wconf 73' lang='lat' dir='ltr'>Eius</span> 
     </span>
     <span class='ocr_line' id='line_1_9' title="bbox 111 1372 1097 1478; baseline 0 -28"><span class='ocrx_word' id='word_1_55' title='bbox 111 1372 244 1450; x_wconf 62' lang='lat' dir='ltr'>Scilicet</span> <span class='ocrx_word' id='word_1_56' title='bbox 260 1383 406 1451; x_wconf 90' lang='lat' dir='ltr'>nomine</span> <span class='ocrx_word' id='word_1_57' title='bbox 426 1383 662 1452; x_wconf 69' lang='lat' dir='ltr'>enarrationes</span> <span class='ocrx_word' id='word_1_58' title='bbox 679 1383 825 1453; x_wconf 86' lang='lat' dir='ltr'>inscribi</span> <span class='ocrx_word' id='word_1_59' title='bbox 843 1383 985 1466; x_wconf 81' lang='lat' dir='ltr'>solent,</span> <span class='ocrx_word' id='word_1_60' title='bbox 1007 1384 1097 1478; x_wconf 63' lang='lat' dir='ltr'>qnae</span> 
     </span>
     <span class='ocr_line' id='line_1_10' title="bbox 106 1480 1192 1594; baseline 0.005 -29"><span class='ocrx_word' id='word_1_61' title='bbox 106 1480 152 1565; x_wconf 72' lang='lat' dir='ltr'>&#39;i&#39;n</span> <span class='ocrx_word' id='word_1_62' title='bbox 178 1497 270 1565; x_wconf 84' lang='lat' dir='ltr'>solas</span> <span class='ocrx_word' id='word_1_63' title='bbox 298 1499 454 1592; x_wconf 74' lang='lat' dir='ltr'>qninque</span> <span class='ocrx_word' id='word_1_64' title='bbox 490 1502 650 1572; x_wconf 84' lang='lat' dir='ltr'>Terentii</span> <span class='ocrx_word' id='word_1_65' title='bbox 681 1499 889 1570; x_wconf 80' lang='lat' dir='ltr'>Comoedias</span> <span class='ocrx_word' id='word_1_66' title='bbox 920 1500 1096 1594; x_wconf 81' lang='lat' dir='ltr'>leguntur.</span> <span class='ocrx_word' id='word_1_67' title='bbox 1189 1565 1192 1570; x_wconf 91' lang='grc'><em>,</em></span> 
     </span>
     <span class='ocr_line' id='line_1_11' title="bbox 111 1614 1132 1712; baseline 0 -31"><span class='ocrx_word' id='word_1_68' title='bbox 111 1614 157 1682; x_wconf 75' lang='lat' dir='ltr'>I‘ri</span> <span class='ocrx_word' id='word_1_69' title='bbox 182 1616 623 1686; x_wconf 78' lang='lat' dir='ltr'>Heautontimoramrenon·</span> <span class='ocrx_word' id='word_1_70' title='bbox 642 1619 751 1686; x_wconf 85' lang='lat' dir='ltr'>enim·</span> <span class='ocrx_word' id='word_1_71' title='bbox 768 1640 855 1712; x_wconf 85' lang='lat' dir='ltr'>qnae</span> <span class='ocrx_word' id='word_1_72' title='bbox 882 1620 1022 1696; x_wconf 82' lang='lat' dir='ltr'>extant,</span> <span class='ocrx_word' id='word_1_73' title='bbox 1057 1635 1098 1682; x_wconf 86' lang='lat' dir='ltr'>ea</span> <span class='ocrx_word' id='word_1_74' title='bbox 1130 1638 1132 1643; x_wconf 68' lang='grc'>’</span> 
     </span>
     <span class='ocr_line' id='line_1_12' title="bbox 112 1728 1099 1828; baseline 0 -29"><span class='ocrx_word' id='word_1_75' title='bbox 112 1730 190 1799; x_wconf 82' lang='lat' dir='ltr'>no&#39;n</span> <span class='ocrx_word' id='word_1_76' title='bbox 205 1730 340 1800; x_wconf 84' lang='lat' dir='ltr'>Donati</span> <span class='ocrx_word' id='word_1_77' title='bbox 365 1756 459 1814; x_wconf 87' lang='lat' dir='ltr'>esse,</span> <span class='ocrx_word' id='word_1_78' title='bbox 488 1730 558 1799; x_wconf 82' lang='lat' dir='ltr'>sed&#39;</span> <span class='ocrx_word' id='word_1_79' title='bbox 576 1733 652 1800; x_wconf 78' lang='lat' dir='ltr'>ioh.</span> <span class='ocrx_word' id='word_1_80' title='bbox 681 1733 905 1828; x_wconf 86' lang='lat' dir='ltr'>Calphumii,</span> <span class='ocrx_word' id='word_1_81' title='bbox 930 1728 1099 1799; x_wconf 76' lang='lat' dir='ltr'>Politiani</span> 
     </span>
     <span class='ocr_line' id='line_1_13' title="bbox 106 1840 1097 1941; baseline -0.007 -24"><span class='ocrx_word' id='word_1_82' title='bbox 106 1840 287 1941; x_wconf 72' lang='lat' dir='ltr'>aequalis,</span> <span class='ocrx_word' id='word_1_83' title='bbox 298 1856 439 1916; x_wconf 76' lang='lat' dir='ltr'>&#39;norrmt</span> <span class='ocrx_word' id='word_1_84' title='bbox 456 1846 593 1916; x_wconf 81' lang='lat' dir='ltr'>eruditi.</span> <span class='ocrx_word' id='word_1_85' title='bbox 621 1851 724 1920; x_wconf 86' lang='lat' dir='ltr'>Conf.</span> <span class='ocrx_word' id='word_1_86' title='bbox 741 1848 874 1917; x_wconf 77' lang='lat' dir='ltr'>Falrric.</span> <span class='ocrx_word' id='word_1_87' title='bbox 890 1848 1097 1914; x_wconf 86' lang='lat' dir='ltr'>B.L.T01n·.</span> 
     </span>
     <span class='ocr_line' id='line_1_14' title="bbox 106 1950 1099 2059; baseline -0.004 -26"><span class='ocrx_word' id='word_1_88' title='bbox 106 1950 194 2057; x_wconf 83' lang='lat' dir='ltr'><strong>&#39;1.p.</strong></span> <span class='ocrx_word' id='word_1_89' title='bbox 214 1950 272 2033; x_wconf 71' lang='lat'>49.</span> <span class='ocrx_word' id='word_1_90' title='bbox 291 1981 366 2032; x_wconf 88' lang='lat' dir='ltr'>not.</span> <span class='ocrx_word' id='word_1_91' title='bbox 417 1969 551 2033; x_wconf 87' lang='lat' dir='ltr'>Verum</span> <span class='ocrx_word' id='word_1_92' title='bbox 577 1990 616 2034; x_wconf 86' lang='lat' dir='ltr'>ea</span> <span class='ocrx_word' id='word_1_93' title='bbox 639 1966 733 2059; x_wconf 86' lang='lat' dir='ltr'>ipsa,</span> <span class='ocrx_word' id='word_1_94' title='bbox 757 1988 845 2058; x_wconf 89' lang='lat' dir='ltr'>quae</span> <span class='ocrx_word' id='word_1_95' title='bbox 872 1961 1006 2030; x_wconf 84' lang='lat' dir='ltr'>Dona-ti</span> <span class='ocrx_word' id='word_1_96' title='bbox 1035 1972 1099 2029; x_wconf 53' lang='lat' dir='ltr'>vo*</span> 
     </span>
     <span class='ocr_line' id='line_1_15' title="bbox 111 2076 1099 2171; baseline -0.003 -24"><span class='ocrx_word' id='word_1_97' title='bbox 111 2076 237 2147; x_wconf 59' lang='lat' dir='ltr'>&#39;cantur</span> <span class='ocrx_word' id='word_1_98' title='bbox 264 2076 419 2162; x_wconf 83' lang='lat' dir='ltr'>Scholia,</span> <span class='ocrx_word' id='word_1_99' title='bbox 449 2103 524 2148; x_wconf 88' lang='lat' dir='ltr'>non</span> <span class='ocrx_word' id='word_1_100' title='bbox 546 2083 648 2150; x_wconf 86' lang='lat' dir='ltr'>unius</span> <span class='ocrx_word' id='word_1_101' title='bbox 676 2078 902 2171; x_wconf 82' lang='lat' dir='ltr'>eiusdemque</span> <span class='ocrx_word' id='word_1_102' title='bbox 928 2100 1004 2145; x_wconf 82' lang='lat' dir='ltr'>esse</span> <span class='ocrx_word' id='word_1_103' title='bbox 1026 2102 1099 2144; x_wconf 84' lang='lat' dir='ltr'>ma-</span> 
     </span>
     <span class='ocr_line' id='line_1_16' title="bbox 114 2194 1102 2292; baseline -0.002 -28"><span class='ocrx_word' id='word_1_104' title='bbox 114 2194 235 2290; x_wconf 83' lang='lat' dir='ltr'>gistri,</span> <span class='ocrx_word' id='word_1_105' title='bbox 255 2198 466 2292; x_wconf 85' lang='lat' dir='ltr'>argumentis</span> <span class='ocrx_word' id='word_1_106' title='bbox 492 2214 588 2264; x_wconf 88' lang='lat' dir='ltr'>certo</span> <span class='ocrx_word' id='word_1_107' title='bbox 606 2195 766 2265; x_wconf 79' lang='lat' dir='ltr'>efficitur.</span> <span class='ocrx_word' id='word_1_108' title='bbox 817 2197 1037 2262; x_wconf 84' lang='lat' dir='ltr'>Monuertmt</span> <span class='ocrx_word' id='word_1_109' title='bbox 1059 2215 1102 2262; x_wconf 78' lang='lat' dir='ltr'>ea</span> 
     </span>
     <span class='ocr_line' id='line_1_17' title="bbox 116 2305 1111 2406; baseline 0.003 -29"><span class='ocrx_word' id='word_1_110' title='bbox 116 2308 165 2379; x_wconf 82' lang='lat' dir='ltr'>&#39;de</span> <span class='ocrx_word' id='word_1_111' title='bbox 182 2329 221 2381; x_wconf 82' lang='lat' dir='ltr'>re</span> <span class='ocrx_word' id='word_1_112' title='bbox 238 2312 436 2383; x_wconf 84' lang='lat' dir='ltr'>Parrhasius</span> <span class='ocrx_word' id='word_1_113' title='bbox 458 2313 608 2406; x_wconf 84' lang='lat' dir='ltr'>Quaesit.</span> <span class='ocrx_word' id='word_1_114' title='bbox 635 2338 700 2406; x_wconf 89' lang='lat' dir='ltr'>per</span> <span class='ocrx_word' id='word_1_115' title='bbox 715 2312 830 2405; x_wconf 67' lang='lat' dir='ltr'>Epist.</span> <span class='ocrx_word' id='word_1_116' title='bbox 844 2337 879 2404; x_wconf 93' lang='lat' dir='ltr'>p.</span> <span class='ocrx_word' id='word_1_117' title='bbox 901 2305 980 2379; x_wconf 73' lang='lat'>124.</span> <span class='ocrx_word' id='word_1_118' title='bbox 1000 2332 1111 2405; x_wconf 63' lang='lat' dir='ltr'>seqqr&#39;</span> 
     </span>
     <span class='ocr_line' id='line_1_18' title="bbox 107 2412 1099 2519; baseline -0.003 -24"><span class='ocrx_word' id='word_1_119' title='bbox 107 2412 340 2496; x_wconf 73' lang='lat' dir='ltr'>⁵Guiliel&#39;mius</span> <span class='ocrx_word' id='word_1_120' title='bbox 366 2428 552 2498; x_wconf 86' lang='lat' dir='ltr'>Verisimil.</span> <span class='ocrx_word' id='word_1_121' title='bbox 580 2433 606 2497; x_wconf 89' lang='lat'>1.</span> <span class='ocrx_word' id='word_1_122' title='bbox 638 2425 694 2497; x_wconf 88' lang='lat'>18.</span> <span class='ocrx_word' id='word_1_123' title='bbox 729 2433 816 2498; x_wconf 86' lang='lat' dir='ltr'>Tan.</span> <span class='ocrx_word' id='word_1_124' title='bbox 844 2427 957 2497; x_wconf 84' lang='lat' dir='ltr'>Faber</span> <span class='ocrx_word' id='word_1_125' title='bbox 986 2428 1099 2519; x_wconf 81' lang='lat' dir='ltr'>Epist.</span> 
     </span>
     <span class='ocr_line' id='line_1_19' title="bbox 116 2532 1100 2636; baseline -0.002 -25"><span class='ocrx_word' id='word_1_126' title='bbox 116 2538 142 2611; x_wconf 91' lang='lat' dir='ltr'>l.</span> <span class='ocrx_word' id='word_1_127' title='bbox 160 2546 188 2610; x_wconf 91' lang='lat'>1.</span> <span class='ocrx_word' id='word_1_128' title='bbox 205 2532 240 2636; x_wconf 92' lang='lat' dir='ltr'>p.</span> <span class='ocrx_word' id='word_1_129' title='bbox 258 2540 340 2612; x_wconf 85' lang='lat'>210.</span> <span class='ocrx_word' id='word_1_130' title='bbox 366 2545 509 2614; x_wconf 86' lang='lat' dir='ltr'>Vossius</span> <span class='ocrx_word' id='word_1_131' title='bbox 537 2548 612 2615; x_wconf 86' lang='lat' dir='ltr'>Art.</span> <span class='ocrx_word' id='word_1_132' title='bbox 637 2540 825 2616; x_wconf 84' lang='lat' dir='ltr'>Grammat.</span> <span class='ocrx_word' id='word_1_133' title='bbox 849 2547 873 2613; x_wconf 91' lang='lat' dir='ltr'>l.</span> <span class='ocrx_word' id='word_1_134' title='bbox 898 2548 956 2611; x_wconf 84' lang='lat' dir='ltr'>VI.</span> <span class='ocrx_word' id='word_1_135' title='bbox 983 2552 1025 2610; x_wconf 71' lang='lat' dir='ltr'>c.‘</span> <span class='ocrx_word' id='word_1_136' title='bbox 1044 2534 1100 2609; x_wconf 75' lang='lat'>15.</span> 
     </span>
     <span class='ocr_line' id='line_1_20' title="bbox 116 2640 1100 2757; baseline -0.003 -31"><span class='ocrx_word' id='word_1_137' title='bbox 116 2640 154 2753; x_wconf 88' lang='lat' dir='ltr'>p.</span> <span class='ocrx_word' id='word_1_138' title='bbox 173 2653 255 2727; x_wconf 76' lang='grc'><strong>318.</strong></span> <span class='ocrx_word' id='word_1_139' title='bbox 277 2678 312 2729; x_wconf 86' lang='lat' dir='ltr'>et</span> <span class='ocrx_word' id='word_1_140' title='bbox 329 2655 373 2728; x_wconf 86' lang='lat' dir='ltr'>de</span> <span class='ocrx_word' id='word_1_141' title='bbox 388 2661 642 2731; x_wconf 83' lang='lat' dir='ltr'>recentioribus</span> <span class='ocrx_word' id='word_1_142' title='bbox 664 2662 865 2757; x_wconf 83' lang='lat' dir='ltr'>Lessingius</span> <span class='ocrx_word' id='word_1_143' title='bbox 885 2662 975 2752; x_wconf 90' lang='lat' dir='ltr'>Opp.</span> <span class='ocrx_word' id='word_1_144' title='bbox 995 2661 1100 2725; x_wconf 89' lang='lat' dir='ltr'>Tom.</span> 
     </span>
     <span class='ocr_line' id='line_1_21' title="bbox 120 2771 1103 2872; baseline -0.002 -30"><span class='ocrx_word' id='word_1_145' title='bbox 120 2780 233 2863; x_wconf 76' lang='lat' dir='ltr'>XXV.</span> <span class='ocrx_word' id='word_1_146' title='bbox 250 2801 285 2871; x_wconf 91' lang='lat' dir='ltr'>p.</span> <span class='ocrx_word' id='word_1_147' title='bbox 306 2772 385 2843; x_wconf 78' lang='lat'><strong>156.</strong></span> <span class='ocrx_word' id='word_1_148' title='bbox 404 2793 440 2845; x_wconf 85' lang='lat' dir='ltr'>et</span> <span class='ocrx_word' id='word_1_149' title='bbox 455 2779 560 2847; x_wconf 84' lang='lat' dir='ltr'>Tom.</span> <span class='ocrx_word' id='word_1_150' title='bbox 579 2782 656 2846; x_wconf 89' lang='lat' dir='ltr'>XV.</span> <span class='ocrx_word' id='word_1_151' title='bbox 673 2804 709 2872; x_wconf 91' lang='lat' dir='ltr'>p.</span> <span class='ocrx_word' id='word_1_152' title='bbox 724 2775 810 2846; x_wconf 78' lang='grc'><strong>195.</strong></span> <span class='ocrx_word' id='word_1_153' title='bbox 863 2777 934 2870; x_wconf 80' lang='lat' dir='ltr'>Qui</span> <span class='ocrx_word' id='word_1_154' title='bbox 957 2771 1103 2868; x_wconf 80' lang='lat' dir='ltr'>quidem</span> 
     </span>
     <span class='ocr_line' id='line_1_22' title="bbox 120 2882 1103 2987; baseline -0.005 -27"><span class='ocrx_word' id='word_1_155' title='bbox 120 2892 289 2987; x_wconf 86' lang='lat' dir='ltr'>quoniam</span> <span class='ocrx_word' id='word_1_156' title='bbox 304 2882 435 2986; x_wconf 86' lang='lat' dir='ltr'>partim</span> <span class='ocrx_word' id='word_1_157' title='bbox 453 2892 570 2962; x_wconf 79' lang='lat' dir='ltr'>v&#39;erho&#39;</span> <span class='ocrx_word' id='word_1_158' title='bbox 582 2911 719 2962; x_wconf 88' lang='lat' dir='ltr'>tantum</span> <span class='ocrx_word' id='word_1_159' title='bbox 743 2919 824 2962; x_wconf 85' lang='lat' dir='ltr'>rem·</span> <span class='ocrx_word' id='word_1_160' title='bbox 836 2892 1000 2987; x_wconf 85' lang='lat' dir='ltr'>attigere,</span> <span class='ocrx_word' id='word_1_161' title='bbox 1026 2911 1103 2982; x_wconf 89' lang='lat' dir='ltr'>par-</span> 
     </span>
     <span class='ocr_line' id='line_1_23' title="bbox 108 3008 1103 3104; baseline -0.007 -26"><span class='ocrx_word' id='word_1_162' title='bbox 108 3010 206 3093; x_wconf 81' lang='lat' dir='ltr'>tim,</span> <span class='ocrx_word' id='word_1_163' title='bbox 230 3008 390 3103; x_wconf 75' lang='lat' dir='ltr'>qu&#39;amvis</span> <span class='ocrx_word' id='word_1_164' title='bbox 416 3012 635 3104; x_wconf 83' lang='lat' dir='ltr'>expromptis</span> <span class='ocrx_word' id='word_1_165' title='bbox 663 3010 887 3092; x_wconf 79' lang='lat' dir='ltr'>rationibus,</span> <span class='ocrx_word' id='word_1_166' title='bbox 906 3022 1026 3075; x_wconf 82' lang='lat' dir='ltr'>tamen</span> <span class='ocrx_word' id='word_1_167' title='bbox 1043 3020 1103 3072; x_wconf 78' lang='lat' dir='ltr'>to·-</span> 
     </span>
     <span class='ocr_line' id='line_1_24' title="bbox 116 3123 1103 3221; baseline -0.006 -28"><span class='ocrx_word' id='word_1_168' title='bbox 116 3142 196 3193; x_wconf 88' lang='lat' dir='ltr'>-tam</span> <span class='ocrx_word' id='word_1_169' title='bbox 239 3123 401 3194; x_wconf 79' lang='lat' dir='ltr'>nondum</span> <span class='ocrx_word' id='word_1_170' title='bbox 442 3129 685 3221; x_wconf 84' lang='lat' dir='ltr'>quaestionem</span> <span class='ocrx_word' id='word_1_171' title='bbox 725 3125 993 3220; x_wconf 78' lang='lat' dir='ltr'>persolverunt:</span> <span class='ocrx_word' id='word_1_172' title='bbox 1036 3143 1103 3214; x_wconf 83' lang='lat' dir='ltr'>ego</span> 
     </span>
     <span class='ocr_line' id='line_1_25' title="bbox 72 3219 1106 3334; baseline -0.005 -24"><span class='ocrx_word' id='word_1_173' title='bbox 72 3226 77 3233; x_wconf 40' lang='lat'>⁸</span> <span class='ocrx_word' id='word_1_174' title='bbox 99 3238 225 3310; x_wconf 83' lang='lat' dir='ltr'>&#39;huius</span> <span class='ocrx_word' id='word_1_175' title='bbox 249 3241 301 3310; x_wconf 90' lang='lat' dir='ltr'>rei</span> <span class='ocrx_word' id='word_1_176' title='bbox 325 3236 598 3334; x_wconf 80' lang='lat' dir='ltr'>disputationem</span> <span class='ocrx_word' id='word_1_177' title='bbox 619 3219 776 3326; x_wconf 74' lang='lat' dir='ltr'>institui,</span> <span class='ocrx_word' id='word_1_178' title='bbox 808 3241 1106 3312; x_wconf 85' lang='lat' dir='ltr'>ut·Scholiormn</span> 
     </span>
     <span class='ocr_line' id='line_1_26' title="bbox 117 3340 1104 3456; baseline -0.009 -25"><span class='ocrx_word' id='word_1_179' title='bbox 117 3340 273 3431; x_wconf 84' lang='lat' dir='ltr'>istorum</span> <span class='ocrx_word' id='word_1_180' title='bbox 280 3352 376 3453; x_wconf 56' lang='lat' dir='ltr'>&#39;quae</span> <span class='ocrx_word' id='word_1_181' title='bbox 395 3358 440 3427; x_wconf 87' lang='lat' dir='ltr'>sit</span> <span class='ocrx_word' id='word_1_182' title='bbox 453 3361 560 3442; x_wconf 88' lang='lat' dir='ltr'>ratio,</span> <span class='ocrx_word' id='word_1_183' title='bbox 582 3384 739 3454; x_wconf 82' lang='lat' dir='ltr'>quaeque</span> <span class='ocrx_word' id='word_1_184' title='bbox 756 3361 856 3456; x_wconf 84' lang='lat' dir='ltr'>origo</span> <span class='ocrx_word' id='word_1_185' title='bbox 867 3377 917 3455; x_wconf 9' lang='lat' dir='ltr'>‘et‘</span> <span class='ocrx_word' id='word_1_186' title='bbox 933 3355 1104 3436; x_wconf 86' lang='lat' dir='ltr'>conditio,</span> 
     </span>
     <span class='ocr_line' id='line_1_27' title="bbox 66 3464 786 3573; baseline 0.007 -30"><span class='ocrx_word' id='word_1_187' title='bbox 66 3476 71 3481; x_wconf 85' lang='grc'><strong>’</strong></span> <span class='ocrx_word' id='word_1_188' title='bbox 120 3476 263 3570; x_wconf 89' lang='lat' dir='ltr'>penitus</span> <span class='ocrx_word' id='word_1_189' title='bbox 279 3475 317 3543; x_wconf 89' lang='lat' dir='ltr'>in</span> <span class='ocrx_word' id='word_1_190' title='bbox 332 3464 515 3567; x_wconf 81' lang='lat' dir='ltr'>posterum</span> <span class='ocrx_word' id='word_1_191' title='bbox 530 3471 756 3573; x_wconf 83' lang='lat' dir='ltr'>intelligatur.</span> <span class='ocrx_word' id='word_1_192' title='bbox 781 3506 786 3514; x_wconf 91' lang='lat'><strong>·</strong></span> 
     </span>
     <span class='ocr_line' id='line_1_28' title="bbox 98 3567 1105 3687; baseline 0.003 -30"><span class='ocrx_word' id='word_1_193' title='bbox 98 3586 101 3591; x_wconf 70' lang='grc'><strong>’</strong></span> <span class='ocrx_word' id='word_1_194' title='bbox 128 3580 132 3587; x_wconf 63' lang='grc'>’</span> <span class='ocrx_word' id='word_1_195' title='bbox 218 3595 270 3661; x_wconf 78' lang='grc' dir='ltr'>1η</span> <span class='ocrx_word' id='word_1_196' title='bbox 289 3590 522 3675; x_wconf 81' lang='lat' dir='ltr'>Terentium,</span> <span class='ocrx_word' id='word_1_197' title='bbox 564 3617 653 3687; x_wconf 87' lang='lat' dir='ltr'>quae</span> <span class='ocrx_word' id='word_1_198' title='bbox 692 3567 826 3664; x_wconf 57' lang='lat' dir='ltr'>lionati</span> <span class='ocrx_word' id='word_1_199' title='bbox 858 3594 929 3663; x_wconf 84' lang='lat' dir='ltr'>fert</span> <span class='ocrx_word' id='word_1_200' title='bbox 960 3614 1105 3674; x_wconf 84' lang='lat' dir='ltr'>nomen,</span> 
     </span>
     <span class='ocr_line' id='line_1_29' title="bbox 99 3699 1107 3811; baseline 0.001 -34"><span class='ocrx_word' id='word_1_201' title='bbox 99 3699 351 3805; x_wconf 29' lang='lat' dir='ltr'>t&#39;S&#39;cholionun</span> <span class='ocrx_word' id='word_1_202' title='bbox 379 3711 589 3807; x_wconf 82' lang='lat' dir='ltr'>farraginem</span> <span class='ocrx_word' id='word_1_203' title='bbox 621 3711 723 3808; x_wconf 78' lang='lat' dir='ltr'>unias</span> <span class='ocrx_word' id='word_1_204' title='bbox 755 3709 996 3811; x_wconf 62' lang='lat' dir='ltr'>Donatifnon·</span> <span class='ocrx_word' id='word_1_205' title='bbox 1020 3715 1107 3794; x_wconf 76' lang='lat' dir='ltr'>esse,</span> 
     </span>
     <span class='ocr_line' id='line_1_30' title="bbox 94 3813 1110 3923; baseline 0.001 -26"><span class='ocrx_word' id='word_1_206' title='bbox 94 3838 102 3845; x_wconf 83' lang='lat'>&#39;</span> <span class='ocrx_word' id='word_1_207' title='bbox 122 3816 186 3897; x_wconf 66' lang='lat' dir='ltr'>v&#39;el</span> <span class='ocrx_word' id='word_1_208' title='bbox 201 3813 285 3897; x_wconf 73' lang='lat' dir='ltr'>iride</span> <span class='ocrx_word' id='word_1_209' title='bbox 300 3824 447 3923; x_wconf 85' lang='lat' dir='ltr'>probari</span> <span class='ocrx_word' id='word_1_210' title='bbox 463 3829 564 3912; x_wconf 84' lang='lat' dir='ltr'>licet,</span> <span class='ocrx_word' id='word_1_211' title='bbox 578 3826 681 3922; x_wconf 74' lang='lat' dir='ltr'>quod</span> <span class='ocrx_word' id='word_1_212' title='bbox 703 3829 778 3902; x_wconf 82' lang='lat' dir='ltr'>fere</span> <span class='ocrx_word' id='word_1_213' title='bbox 801 3818 952 3900; x_wconf 70' lang='lat' dir='ltr'>citius&#39;ris</span> <span class='ocrx_word' id='word_1_214' title='bbox 967 3827 1110 3899; x_wconf 66' lang='lat' dir='ltr'>scholii</span> 
     </span>
    </p>
   </div>
   <div class='ocr_carea' id='block_1_3' title="bbox 0 0 1315 4440">
    <p class='ocr_par' dir='ltr' id='par_1_3' title="bbox 0 0 1315 4440">
     <span class='ocr_line' id='line_1_31' title="bbox 0 0 1315 4440; baseline 0 0"><span class='ocrx_word' id='word_1_215' title='bbox 0 0 1315 4440; x_wconf 95' lang='lat' dir='ltr'> </span> 
     </span>
    </p>
   </div>
  </div>
 </body>
</html>
