2588 4440
524 286 769 372 ..1292

155 507 341 591 luxerint.
399 514 505 586 conf.
543 513 724 584 Walehius
767 509 951 583 Emendat.
987 513 1065 582 Liv.
1099 523 1138 606 pfl.

159 631 238 704 127.
266 658 338 728 seq.
387 629 558 701 Eiusdem
593 631 673 698 vitii
708 629 1011 700 animadversione
1045 621 1139 699 aliud

155 750 290 825 Donati
323 748 505 818 scholium
531 746 707 840 praeclare
744 745 939 816 vindicavit
975 742 1142 814 Ruhnke-

156 868 234 944 n'ius
255 863 299 934 ad
316 849 534 957 RuntLup.
561 888 596 956 p.
618 856 724 947 1114„
754 862 850 931 ouius
878 878 996 932 tamen
1025 879 1143 932 emen·

152 981 339 1052 dationem
364 996 513 1073 occupat
539 979 576 1046 F.
603 977 669 1045 Th.
697 977 847 1047 Kohlius
865 973 867 979 ’
883 978 935 1047 in·
957 982 1144 1048 Commen-

158 1098 336 1168 tatiomun
353 1094 551 1164 criticamm
576 1093 669 1163 libro
698 1117 726 1162 a.
755 1090 858 1160 1717.
884 1092 1082 1189 Hamburgi
1107 1106 1144 1164 e't

150 1201 293 1283 'Kilonii
318 1187 435 1293 edito,
464 1233 499 1304 p.
527 1204 586 1278 23.
635 1213 801 1279 Ceterum
827 1211 1040 1282 Terentiano
1073 1212 1144 1288 isto

159 1328 198 1400 in
222 1329 304 1398 loco
332 1323 449 1396 fraudi
483 1324 587 1394 etiam
612 1324 682 1394 fuit
705 1324 956 1420 interpretibus
982 1327 1020 1397 id
1047 1325 1145 1424 quod

159 1424 411 1523 Davus'dicit,
441 1445 554 1511 Immo
587 1443 693 1512 etiam
719 1444 927 1512 narrationis
949 1446 1070 1540 incipit
1096 1447 1147 1514 mi
1179 1513 1182 1518 ,

158 1562 309 1631 initium
360 1559 534 1627 Nonnulli
560 1574 641 1652 post
670 1559 775 1628 etiam
798 1577 970 1653 punctum
988 1550 1145 1655 ponunt,

147 1695 204 1748 nt
228 1670 350 1747 Davus
384 1681 498 1746 Immo
526 1678 630 1746 etiam
656 1674 808 1744 Charino
838 1674 929 1746 dicat
953 1675 1145 1762 affirmam,

164 1795 299 1889 reliqua
324 1791 369 1860 ad
394 1810 606 1885 spectatores
633 1813 833 1860 conversus.
884 1799 1015 1863 Vertun
1042 1797 1149 1890 imino

144 1931 346 2004 nunquam
373 1906 600 1978 affirmationi
626 1905 755 1990 servit,
790 1906 853 1976 sed
887 1909 1086 2005 corrigendi
1112 1927 1150 1981 et

146 2022 317 2122 augendi
343 2025 419 2093 vim
451 2021 578 2108 habet3
616 2029 786 2093 Graecum
810 2036 1008 2120 μᾶλλονδὲ.
1044 2032 1149 2095 Cum

168 2143 307 2237 vulgata
324 2139 612 2235 interpunctione
636 2138 771 2232 optime
788 2139 948 2233 procedit
965 2144 1149 2213 sententia.

168 2263 310 2341 Davus,
337 2257 398 2352 qui
424 2272 687 2351 expectaverat,
714 2271 754 2322 ut
772 2256 939 2327 Charinus
966 2282 1055 2330 mox
1079 2259 1152 2330 abi-

169 2393 245 2460 ret,
280 2398 397 2469 neque
424 2371 576 2442 affirmat
602 2396 717 2467 neque
752 2369 922 2468 denegat,
961 2399 1069 2470 quum
1095 2376 1155 2447 hio

141 2537 146 2545 ·
170 2491 358 2590 prooemio
384 2489 474 2573 istc,
503 2493 544 2558 V
539 2513 636 2560 erum
660 2489 712 2559 vis
738 2490 885 2560 dicam?
914 2492 1059 2587 longam
1083 2494 1154 2588 ipsi

173 2607 411 2679 narrationem
436 2607 608 2689 minatur3
644 2605 706 2676 sed
739 2605 910 2676 subiratus
936 2607 1153 2702 aliquantum

161 2748 291 2796 secum
305 2723 482 2816 loquitur:
530 2730 644 2793 Immo
671 2725 774 2793 etiarn
801 2726 1008 2797 narrationis
1037 2729 1157 2824 incipit

171 2842 224 2912 mi
258 2842 415 2922 initium,
450 2840 475 2908 i.
502 2865 532 2908 e.
561 2855 699 2909 tantum
725 2837 843 2922 abest,
878 2857 919 2910 ut
953 2842 1011 2915 hic
1035 2844 1155 2914 statim

148 3020 150 3024 .
175 2959 296 3041 abeat,
323 2975 364 3027 ut
389 2956 447 3024 vel
464 2955 700 3024 narrationem
714 2955 803 3023 mihi
829 2955 986 3052 incipiat.
1035 2959 1156 3053 Qualia

175 3100 222 3144 ex
239 3073 423 3168 loquentis
461 3072 579 3140 animo
606 3068 699 3164 apud
716 3071 877 3142 Comicus
906 3091 942 3144 et
967 3075 1155 3146 Satirarum

175 3190 364 3284 scriptores
389 3184 583 3282 supplenda
608 3202 691 3256 sunt
716 3187 861 3282 saepius.

534 3505 786 3537 *Τ
