2588 4440
576 308 821 408 mal...

123 552 131 564 “
207 537 403 641 &silem
421 542 516 618 ²1:⁵1.
532 544 584 618 11.
602 563 668 615 etc.
712 533 913 643 ‘Loquentis
938 541 1061 617 animo
1083 537 1196 616 multa

215 667 259 748 ad
288 663 565 737 confirmandam
592 688 690 735 suam
722 661 931 734 sententiam
962 657 1197 729 obversantur

216 784 399 877 exempla,
426 781 583 877 quormn'
597 797 714 852 tamen
731 804 842 849 unum
866 780 904 851 in
931 773 1089 845 metlium
1115 793 1199 866 pro·

217 902 339 973 tulisse
364 895 503 968 suffieit.
562 898 653 966 Scite
679 897 780 967 huius
806 894 995 990 particulae
1027 891 1102 960 vim
1138 912 1199 955 ex·
1276 914 1279 918 ·

218 1017 344 1110 pressit
362 1015 561 1110 Gronovius
580 1012 624 1083 ad
642 1015 711 1084 Cic.
729 1015 839 1108 Epist.
859 1014 952 1080 Fam.
981 1011 1024 1076 II.
1046 1001 1101 1073 13.
1130 1024 1203 1086 „ne

219 1131 264 1202 <le
292 1131 366 1215 aliis
392 1130 525 1213 dicam,
550 1133 680 1204 utalia
705 1135 872 1227 taceam.“
922 1129 963 1196 In
990 1119 1200 1218 explicando

219 1250 343 1321 nostro
362 1248 442 1318 loco
460 1249 551 1317 male
577 1250 684 1345 igitur
702 1225 970 1316 Westerhovius
997 1257 1106 1310 tantas
1134 1236 1203 1314 sibi

219 1366 296 1460 ipse
323 1364 502 1435 molestias
530 1368 679 1448 creavit3
714 1381 818 1461 atque
844 1363 992 1431 omnino
1021 1379 1147 1426 eortun
1172 1352 1203 1423 is

220 1497 275 1556 est
291 1480 540 1573 interpretum,
557 1484 627 1576 'qui
638 1483 720 1551 licet
737 1479 872 1567 indocti
889 1504 962 1547 non
980 1477 1061 1555 sint,
1081 1489 1203 1540 tamen

221 1595 435 1689 intelligenti
467 1620 722 1695 nonmmqnam
744 1595 874 1666 iudicio
907 1609 1033 1686 carent.
1085 1586 1205 1681 Qualis

202 1711 319 1787 'idem
345 1729 398 1780 est
429 1714 467 1782 in
499 1715 600 1796 loco,
636 1739 743 1810 quem
778 1736 851 1784 non
882 1730 954 1783 tam
981 1698 1209 1798 vituperandi

227 1827 354 1911 studio,
376 1854 481 1924 quam
498 1830 605 1924 ipsius
625 1831 802 1925 scriptoris
821 1854 921 1900 eausa
937 1828 994 1897 hie
1012 1820 1206 1892 subiiciam·

225 1948 416 2014 Heautont.
434 1950 461 2015 I.
483 1948 512 2015 1.
536 1945 613 2016 lli.
632 1949 718 2018 haec
738 1947 843 2016 verba
861 1947 1045 2040 leguntur:

226 2154 229 2161 ·
285 2070 416 2132 Monere
437 2085 561 2154 oportet
578 2093 630 2132 me
651 2073 735 2132 hunc
754 2073 894 2131 vicuium
913 2067 1086 2139 Phaniam,
1123 2108 1125 2113 -
1174 2125 1176 2129 .

199 2184 206 2212 ‘-
285 2168 336 2232 Aa
359 2189 488 2233 coenam
507 2181 543 2231 ut
562 2174 683 2232 veniat:
705 2171 778 2242 ibo,
799 2170 900 2229 visam
920 2171 947 2229 si
967 2167 1055 2226 domi
1076 2176 1131 2226 est.

287 2265 373 2327 Nihil
395 2287 473 2350 opus
494 2271 555 2330 fuit
574 2270 801 2330 monitore:
823 2270 886 2327 iam
907 2267 1026 2329 dudum
1048 2262 1137 2326 domi

200 2426 211 2433 ,,
287 2365 414 2426 Praesto
435 2369 517 2446 apud
537 2388 590 2430 me
610 2386 677 2428 esse
697 2367 802 2457 aiunt,
823 2381 855 2454 et
875 2385 904 2453 q.
927 2382 951 2427 s.

223 2478 499 2564 ‘Westerhovius
516 2497 584 2566 ita:
611 2497 772 2581 „Scilicet
797 2495 844 2570 ob
862 2495 1133 2591 horologiorum
1153 2489 1216 2561 de·

197 2657 203 2663 »
231 2610 363 2680 tecnon
391 2611 501 2682 servis
526 2611 750 2684 monitoribus
778 2612 984 2695 utebantur,
1021 2612 1082 2706 qui
1106 2630 1218 2679 coena

197 2789 200 2793 ,
232 2744 350 2822 parata
376 2745 520 2798 vocatos
547 2728 816 2802 admonerent.“
872 2736 951 2827 Ego
979 2753 1067 2803 vero
1092 2748 1218 2802 servos

201 2906 204 2912 .
232 2839 326 2914 bene
342 2844 430 2914 novi
445 2848 671 2932 invitatores,
691 2865 895 2931 vocatores,
915 2872 1004 2946 quos
1022 2843 1220 2938 δειπνοκλή-

234 2994 332 3054 τορας
359 2963 479 3033 Graeci
503 2962 644 3049 dicunt3
682 2982 717 3038 at
742 2963 787 3035 de
822 2963 932 3043 servis
967 2957 1219 3040 monitoribus,

235 3080 296 3172 qui
307 3076 358 3147 ad
369 3101 524 3152 ¹coenam
544 3100 710 3155 vocarent
725 3081 855 3164 tardos,
873 3080 965 3153 nihil
982 3094 1137 3158 constat3
1154 3075 1221 3144 im-

199 3220 300 3268 ·-mo
315 3201 501 3272 monetores
526 3201 746 3295 appellantur
771 3199 884 3282 servi,
912 3221 1065 3292 quorum
1090 3199 1221 3262 munus

237 3334 310 3386 erat
327 3315 518 3410 obviorum
534 3319 678 3389 nomina
696 3315 850 3387 dominis
875 3313 1108 3409 suppeditare.
1150 3307 1223 3379 Adi

169 3508 172 3515 ¹
216 3434 444 3528 ⁴Pignoriutn
465 3432 508 3504 de
527 3437 645 3504 Servis
665 3460 701 3527 p.
731 3425 810 3501 144.
838 3456 910 3528 seq.
970 3428 1064 3528 Quid
1088 3421 1226 3524 igitur?

195 3593 202 3607 -
239 3553 355 3621 Servis
373 3553 491 3622 nullus
517 3553 663 3622 omnino
688 3551 746 3620 hio
771 3551 891 3631 locus,
918 3570 1028 3639 quum
1053 3545 1225 3640 ,Chremes

198 3664 368 3736 ··=diserte
386 3668 496 3752 dieat,
523 3693 663 3740 monere
688 3691 752 3738 me
775 3680 921 3760 oportet.
972 3663 1150 3735 Monitore
1167 3682 1225 3726 au-

199 3830 206 3845 .
238 3798 311 3855 tem
330 3785 364 3856 h.
384 3786 407 3855 L
425 3811 490 3881 pro
508 3787 706 3859 monitione
715 3784 867 3879 ponitur
874 3808 886 3866 3
914 3780 976 3878 qui
1003 3774 1229 3876 quidemlt-
